@book{Yong&Freedman,
author = "Young, Hugh D.",
title = "University Physics with Modern Physics Technology Update",
publisher = "Pearson Education UK",
edition = 3,
year = 2014
}
@book{King,
author = "King, George C",
title = "Vibrations and Waves",
publisher = "Wiley",
year = 2009
}
@manual{
author = "Myfanwy Lloyd"
year = 2016,
title = "FORCED OSCILLATIONS",
organisation = "The University of Manchester",
edition = 3
}
@misc{resonancescience,
  author = "Resonance Science Foundation",
  title = "What is Resonance and Why is it So Important?",
  howpublished = "\url{https://www.resonancescience.org/blog/what-is-resonance-and-why-is-it-so-important}",
  year = "Accessed April 7, 2023"
}
