% Bibliography database: example-bibliography.bib
@book{lamport94,
	author = {Leslie Lamport},
	title = {\LaTeX: a document preparation system},
	publisher = {Addison Wesley, Massachusetts},
	edition = {2nd},
	year = 1994.
}
@online{Viscosity,
  author = {The Engineering Toolbox},
  title = {Gases - Dynamic Viscosities},
  year = 2014,
  url = {https://www.engineeringtoolbox.com/gases-absolute-dynamic-viscosity-d_1888.html},
  urldate = {2022-12}
}
@online{Lab_Instruction,
  author = "I Duerdoth,  A Russell",
  title = {GAS FLOW THROUGH NARROW TUBES},
  year = 2018,
  url = {https://online.manchester.ac.uk/webapps/blackboard/execute/content/file?cmd=view&content_id=_13933126_1&course_id=_73074_1},
  urldate = {2022-12}
}
